@book{Таненбаум2002ОС,
	title={Современные операционные системы},
	author={Таненбаум, Эндрю},
	edition=2,
	year={2002},
	publisher={Питер},
	address={СПб.},
	pages=1040,
	language={russian}
}
